
@misc{BibliographyManagementLaTeX,
  title = {{Bibliography management in LaTeX}},
  howpublished = {https://overleaf.com/learn/latex/Bibliography\_management\_in\_LaTeX}
}

@TECHREPORT{bernstein_cache_timing_attacks,
    author = {Daniel J. Bernstein},
    title = {Cache-timing attacks on AES},
    institution = {},
    year = {2005}
}

@article{dsa_exponentiations,
  title={Make Sure DSA Signing Exponentiations Really are Constant-Time},
  author={Cesar Pereida Garc{\'i}a and Billy Bob Brumley and Yuval Yarom},
  journal={Proceedings of the 2016 ACM SIGSAC Conference on Computer and Communications Security},
  year={2016}
}
